<record><leader>00000cas a22000007a 4500</leader><controlfield tag="001">12331897</controlfield><controlfield tag="008">850731d19041940hiuwr ne      0    0jpnrd</controlfield><datafield ind1=" " ind2=" " tag="010"><subfield code="a">sn 85047187 </subfield></datafield><datafield ind1=" " ind2=" " tag="040"><subfield code="a">HWN</subfield><subfield code="b">eng</subfield><subfield code="c">HWN</subfield><subfield code="d">OCLCQ</subfield><subfield code="d">OCLCF</subfield><subfield code="d">OCLCO</subfield></datafield><datafield ind1="1" ind2=" " tag="029"><subfield code="a">AU@</subfield><subfield code="b">000015746333</subfield></datafield><datafield ind1="0" ind2=" " tag="041"><subfield code="a">jpneng</subfield></datafield><datafield ind1=" " ind2=" " tag="042"><subfield code="a">msc</subfield></datafield><datafield ind1=" " ind2=" " tag="043"><subfield code="a">n-us-hi</subfield></datafield><datafield ind1="0" ind2="4" tag="245"><subfield code="a">The Kauai shinpo =</subfield><subfield code="b">Kawai shinpo&#772;.</subfield></datafield><datafield ind1="3" ind2="1" tag="246"><subfield code="a">Kawai shinpo&#772;</subfield></datafield><datafield ind1=" " ind2=" " tag="260"><subfield code="a">Lihue, Kauai, Hawaii :</subfield><subfield code="b">Kauai Shinpo</subfield></datafield><datafield ind1=" " ind2=" " tag="300"><subfield code="a">v. :</subfield><subfield code="b">ill. ;</subfield><subfield code="c">57 cm.</subfield></datafield><datafield ind1=" " ind2=" " tag="310"><subfield code="a">Weekly</subfield></datafield><datafield ind1="0" ind2=" " tag="362"><subfield code="a">-no. 1790 (Mar. 26, 1940).</subfield></datafield><datafield ind1="1" ind2=" " tag="362"><subfield code="a">Began with Apr. 9, 1904 issue.</subfield><subfield code="z">Cf. Sakamaki, S. Hist. of the Japanese press in Hawaii.</subfield></datafield><datafield ind1=" " ind2=" " tag="500"><subfield code="a">Editors: 1904- T. Fukunaka; &lt;1938&gt;, U. Fujita.</subfield></datafield><datafield ind1=" " ind2=" " tag="546"><subfield code="a">In Japanese and English, 1904-192? and Apr. 1940-1941; in Japanese, -Mar. 1940. Cf. Sakamaki, S. Hist. of the Japanese press in Hawaii.</subfield></datafield><datafield ind1=" " ind2=" " tag="588"><subfield code="a">Description based on: Dai 1675-go&#772; (Sho&#772;wa 13-nen 1-gatsu tsuitachi [Jan. 1, 1938]).</subfield></datafield><datafield ind1=" " ind2="0" tag="651"><subfield code="a">Kauai (Hawaii)</subfield><subfield code="v">Periodicals.</subfield></datafield><datafield ind1=" " ind2="0" tag="650"><subfield code="a">Japanese Americans</subfield><subfield code="z">Hawaii</subfield><subfield code="v">Periodicals.</subfield></datafield><datafield ind1=" " ind2="7" tag="655"><subfield code="a">Periodicals.</subfield><subfield code="2">fast</subfield><subfield code="0">(OCoLC)fst01411641</subfield></datafield><datafield ind1=" " ind2="7" tag="650"><subfield code="a">Japanese Americans.</subfield><subfield code="2">fast</subfield><subfield code="0">(OCoLC)fst00981441</subfield></datafield><datafield ind1=" " ind2="7" tag="651"><subfield code="a">Hawaii.</subfield><subfield code="2">fast</subfield><subfield code="0">(OCoLC)fst01208724</subfield></datafield><datafield ind1=" " ind2="7" tag="651"><subfield code="a">Hawaii</subfield><subfield code="z">Kauai.</subfield><subfield code="2">fast</subfield><subfield code="0">(OCoLC)fst01245086</subfield></datafield><datafield ind1="1" ind2=" " tag="700"><subfield code="a">Fukunaka, T.</subfield></datafield><datafield ind1="1" ind2=" " tag="700"><subfield code="a">Fujita, Uichi.</subfield></datafield><datafield ind1=" " ind2=" " tag="752"><subfield code="a">United States</subfield><subfield code="b">Hawaii</subfield><subfield code="c">Kauai</subfield><subfield code="d">Lihue.</subfield></datafield></record>